@article{gieras2011performance,
  title =        {Performance calculation for a high-speed solid-rotor induction motor},
  author =       {Gieras, Jacek F and Saari, Juha},
  journal =      {IEEE transactions on industrial electronics},
  volume =       59,
  number =       6,
  pages =        {2689--2700},
  year =         2011,
  publisher =    {IEEE}
}

@article{pyrhonen1991high,
  title =        {The high-speed induction motor: Calculating the effects of solid-rotor
                  material on machine characteristics},
  author =       {Pyrh{\"o}nen, Juha},
  journal =      {Acta Polytechnica Scandinavica, Electrical Engineering Series;(Finland)},
  volume =       68,
  year =         1991
}

@book{lahteenmaki2002design,
  title =        {Design and voltage supply of high-speed induction machines},
  author =       {L{\"a}hteenm{\"a}ki, Jussi and others},
  year =         2002,
  publisher =    {Helsinki University of Technology}
}

@book{saari1998thermal,
  title =        {Thermal analysis of high-speed induction machines},
  author =       {Saari, Juha and others},
  year =         1998,
  publisher =    {Helsinki University of Technology}
}
